<?xml version="1.0" encoding="UTF-8"?><record xmlns="http://www.loc.gov/MARC21/slim" xmlns:cinclude="http://apache.org/cocoon/include/1.0" xmlns:zs="http://www.loc.gov/zing/srw/">
  <leader>00938cz  a2200181n  4500</leader>
  <controlfield tag="001">n  80157790 </controlfield>
  <controlfield tag="003">DLC</controlfield>
  <controlfield tag="005">20130315082550.0</controlfield>
  <controlfield tag="008">801208n| azannaabn          |b ana      </controlfield>
  <datafield tag="010" ind1=" " ind2=" ">
    <subfield code="a">n  80157790 </subfield>
  </datafield>
  <datafield tag="035" ind1=" " ind2=" ">
    <subfield code="a">(OCoLC)oca00537683</subfield>
  </datafield>
  <datafield tag="040" ind1=" " ind2=" ">
    <subfield code="a">DLC</subfield>
    <subfield code="b">eng</subfield>
    <subfield code="e">rda</subfield>
    <subfield code="c">DLC</subfield>
    <subfield code="d">OCoLC</subfield>
    <subfield code="d">DLC</subfield>
  </datafield>
  <datafield tag="110" ind1="2" ind2=" ">
    <subfield code="a">University of Mysore.</subfield>
    <subfield code="b">Department of Post-graduate Studies and Research in Sanskrit</subfield>
  </datafield>
  <datafield tag="410" ind1="1" ind2=" ">
    <subfield code="a">Mysore.</subfield>
    <subfield code="b">University.</subfield>
    <subfield code="b">Department of Post-graduate Studies and Research in Sanskrit</subfield>
  </datafield>
  <datafield tag="410" ind1="1" ind2=" ">
    <subfield code="w">nnaa</subfield>
    <subfield code="a">Mysore.</subfield>
    <subfield code="b">University.</subfield>
    <subfield code="b">Dept. of Post-graduate Studies and Research in Sanskrit</subfield>
  </datafield>
  <datafield tag="410" ind1="2" ind2=" ">
    <subfield code="w">nnea</subfield>
    <subfield code="a">University of Mysore.</subfield>
    <subfield code="b">Dept. of Post-graduate Studies and Research in Sanskrit</subfield>
  </datafield>
  <datafield tag="667" ind1=" " ind2=" ">
    <subfield code="a">AACR 1 form: University of Mysore. Dept. of Post-graduate Studies and Research in Sanskrit.</subfield>
  </datafield>
  <datafield tag="670" ind1=" " ind2=" ">
    <subfield code="a">Mysore orientalist, Sept. 1972, surrogate (a.e.) (no info.);</subfield>
    <subfield code="b">OCLC #1774536 (Mysore. University. Dept. of Post-graduate Studies and Research in Sanskrit)</subfield>
  </datafield>
</record>